<?xml version="1.0" encoding="UTF-8"?><collection xmlns="http://www.loc.gov/MARC21/slim"><record><leader>00497nam--2200181-i-4500</leader><controlfield tag="001">000040672</controlfield><controlfield tag="002">20161230</controlfield><controlfield tag="005">20161230201042</controlfield><controlfield tag="008">060222s1000------------r-----000-0-ger-d</controlfield><datafield ind1=" " ind2=" " tag="040"><subfield code="a">IFIN-HH</subfield></datafield><datafield ind1=" " ind2=" " tag="041"><subfield code="a">ger</subfield></datafield><datafield ind1=" " ind2=" " tag="080"><subfield code="a">534(043)</subfield></datafield><datafield ind1="1" ind2=" " tag="100"><subfield code="a">Scherer, Angelika</subfield></datafield><datafield ind1="1" ind2="0" tag="245"><subfield code="a">Erklarung der verdeckung mit hilfe von mithorschwellen-und suppressionsmustern. dissert</subfield><subfield code="c">Angelika scherer</subfield></datafield><datafield ind1=" " ind2=" " tag="260"><subfield code="a">Munchen, Univ., 1987,</subfield></datafield><datafield ind1=" " ind2=" " tag="300"><subfield code="a">85P</subfield></datafield><datafield ind1=" " ind2=" " tag="852"><subfield code="a">78819</subfield><subfield code="c">534</subfield></datafield><datafield ind1=" " ind2=" " tag="CAT"><subfield code="a">Sys</subfield><subfield code="c">20101013</subfield><subfield code="h">142719</subfield></datafield></record></collection>